@inproceedings{Yao1999,
author = {Yao, Xin},
booktitle = {Proceedings of the IEEE},
file = {:C$\backslash$:/Users/Cai/Desktop/Honours Project Stuff/Project Literature/evolving artificial neural networks [yao].pdf:pdf},
issn = {0018-9219},
number = {9},
pages = {1423--1447},
publisher = {IEEE},
title = {{Evolving artificial neural networks}},
volume = {87},
year = {1999}
}

@article{Floreano2008,
author = {Floreano, Dario and D\"{u}rr, Peter and Mattiussi, Claudio},
doi = {10.1007/s12065-007-0002-4},
file = {:C$\backslash$:/Users/Cai/Desktop/Honours Project Stuff/Project Literature/FloreanoDuerrMattiussi2008.pdf:pdf},
isbn = {1206500700},
issn = {1864-5909},
journal = {Evolutionary Intelligence},
keywords = {neural networks \'{a} evolution,\'{a} learning},
month = jan,
number = {1},
pages = {47--62},
title = {{Neuroevolution: from architectures to learning}},
url = {http://link.springer.com/10.1007/s12065-007-0002-4},
volume = {1},
year = {2008}
}

@article{Gomez1997,
author = {Gomez, Faustino and Miikkulainen, Risto},
file = {:C$\backslash$:/Users/Cai/Desktop/Honours Project Stuff/Project Literature/gomez.incremental.pdf:pdf},
issn = {1059-7123},
journal = {Adaptive Behavior},
number = {3-4},
pages = {317--342},
publisher = {Sage Publications},
title = {{Incremental evolution of complex general behavior}},
volume = {5},
year = {1997}
}

@article{Yong2001,
author = {Yong, Chern Han and Miikkulainen, Risto},
file = {:C$\backslash$:/Users/Cai/Desktop/Honours Project Stuff/Project Literature/yong\_miikkulainen.pdf:pdf},
journal = {University of Texas at Austin, Austin, TX},
title = {{Cooperative coevolution of multi-agent systems}},
year = {2001}
}
